<record><leader>00000cas a2200000 a 4500</leader><controlfield tag="001">17401001</controlfield><controlfield tag="008">880127d198119uuwauwr ne      0    0eng d</controlfield><datafield ind1=" " ind2=" " tag="010"><subfield code="a">sn 88085455 </subfield></datafield><datafield ind1=" " ind2=" " tag="040"><subfield code="a">SLZ</subfield><subfield code="b">eng</subfield><subfield code="c">SLZ</subfield><subfield code="d">OCL</subfield><subfield code="d">OCLCQ</subfield><subfield code="d">OCLCO</subfield></datafield><datafield ind1=" " ind2=" " tag="042"><subfield code="a">msc</subfield></datafield><datafield ind1=" " ind2=" " tag="043"><subfield code="a">n-us-wa</subfield></datafield><datafield ind1="0" ind2=" " tag="130"><subfield code="a">Uniontown journal (Clarkston, Wash.)</subfield></datafield><datafield ind1="1" ind2="0" tag="245"><subfield code="a">Uniontown journal.</subfield></datafield><datafield ind1=" " ind2=" " tag="260"><subfield code="a">[Clarkston, Wash. :</subfield><subfield code="b">Tribune Newspapers]</subfield></datafield><datafield ind1=" " ind2=" " tag="300"><subfield code="a">v.</subfield></datafield><datafield ind1=" " ind2=" " tag="310"><subfield code="a">Weekly</subfield></datafield><datafield ind1="0" ind2=" " tag="362"><subfield code="a">Vol. 4, no. 21 (May 30, 1981)-</subfield></datafield><datafield ind1=" " ind2="0" tag="651"><subfield code="a">Clarkston (Wash.)</subfield><subfield code="v">Newspapers.</subfield></datafield><datafield ind1=" " ind2="0" tag="651"><subfield code="a">Uniontown (Wash.)</subfield><subfield code="v">Newspapers.</subfield></datafield><datafield ind1=" " ind2="0" tag="651"><subfield code="a">Colton (Wash.)</subfield><subfield code="v">Newspapers.</subfield></datafield><datafield ind1=" " ind2="0" tag="651"><subfield code="a">Wilma (Wash.)</subfield><subfield code="v">Newspapers.</subfield></datafield><datafield ind1=" " ind2=" " tag="752"><subfield code="a">United States</subfield><subfield code="b">Washington</subfield><subfield code="c">Asotin</subfield><subfield code="d">Clarkston.</subfield></datafield><datafield ind1=" " ind2=" " tag="752"><subfield code="a">United States</subfield><subfield code="b">Washington</subfield><subfield code="c">Whitman</subfield><subfield code="d">Uniontown.</subfield></datafield><datafield ind1=" " ind2=" " tag="752"><subfield code="a">United States</subfield><subfield code="b">Washington</subfield><subfield code="c">Whitman</subfield><subfield code="d">Colton.</subfield></datafield><datafield ind1=" " ind2=" " tag="752"><subfield code="a">United States</subfield><subfield code="b">Washington</subfield><subfield code="c">Whitman</subfield><subfield code="d">Wilma.</subfield></datafield><datafield ind1="0" ind2="0" tag="780"><subfield code="t">Uniontown news letter</subfield><subfield code="w">(DLC)sn 88085454</subfield></datafield></record>